
@article{prenner2022,
    author={Prenner, Julian Aron and Robbes, Romain},
  journal={IEEE Transactions on Software Engineering}, 
  title={Making the Most of Small Software Engineering Datasets With Modern Machine Learning}, 
  year={2022},
  volume={48},
  number={12},
  pages={5050-5067},
  doi={10.1109/TSE.2021.3135465},
  url = {https://doi.org/10.1109/TSE.2021.3135465},
}
 


@book{manualpuc2023,
  organization = {Pontif\'icia Universidade Cat\'olica de Minas Gerais},
  title = {Orienta\c{c}\~oes para elabora\c{c}{\~a}o de projetos de pesquisa, trabalhos acad{\^e}micos, relat\'orios t{\'e}cnicos e/ou cient{\'i}ficos e artigos cient{\'i}ficos},
  subtitle = {conforme a Associa{\c{c}}{\~a}o {B}rasileira de {N}ormas {T}{\'e}cnicas ({ABNT})},
  edition = {5},
  address = {Belo Horizonte},
  publisher = {PUC Minas},
  year = {2023},
  note = {Disponível em: \url{http://www.pucminas.br/biblioteca/}. Acesso em: 29 de jul. 2024}
 }
 
 
 @book{knuth1968,
   title = {The art of computer programming},
   publisher = {Addison-Wesley},
   year = {1968},
   author = {D. E. Knuth},
   volume = {Fundamental Algorithms},
   address = {Boston},
   number = {16},
   edition = {16}
 }
  
 @book{groupp2003,
   title = {Beowulf cluster computing with linux},
   publisher = {MIT Press},
   year = {2003},
   author = {W. Gropp},
   pages = {618},
   address = {Cambridge},
   edition = {2}
 }


@book{citelli2004,
  title={Comunica{\c{c}}{\~a}o e educa{\c{c}}{\~a}o: a linguagem em movimento},
  author={Citelli, Adilson},
  publisher = {Editora Senac},  
  address = {S{\~a}o Paulo},
  edition = {3},
  year={2004}
}

@book{gil2022,
  title={Como elaborar projetos de pesquisa},
  author={Gil, Ant{\^o}nio Carlos},
  year={2022},
  address = {Barueri},
  edition = {7},
  publisher={Atlas}
}

@book{wazlawick2021,
  title={Metodologia de pesquisa para ci{\^e}ncia da computa{\c{c}}{\~a}o},
  author={Wazlawick, Raul Sidnei},
  year={2021},
  edition = {3},
  address = {Rio de Janeiro},
  publisher={LTC}
}

 @inbook{habermas1997,
   booktitle = {T\'ecnica e ci\^encia como ``ideologia''},
   title = {Trabalho e interação},
   author = {Jürgen Habermas},
   publisher = {Edi{\c{c}}{\~o}es 70},
   chapter = {2},
   pages = {11--28},
   year = {1997},
   address = {Lisboa}
 }
  
 @inbook{cap-livro2005,
   booktitle = {Escola Regional de Inform\'atica de Minas Gerais},  
   title = {Computaç\~ao em grade},
   author = {L. F. W. G\'oes and D. O. G. Neto and R. Ferreira  and W. Cirne},
   subtitle = {Conceitos, Tecnologias,  Aplicações   e  Tend\^encias},
   chapter = {11},
   publisher = {ERI MG},
   pages = {40},
   year = {2005},
   address = {Belo Horizonte}
 }

@inproceedings{vasconcelos2016,
    Title                    = {Um modelo de otimiza{\c{c}}\~ao multiobjetivo com influ{\^e}ncia da pluviosidade no controle do mosquito da dengue},
    Author                   = {Vasconcelos, Am\'alia Soares Vieira and Cardoso, Rodrigo Tom{\'a}s Nogueira and Fernandes, Jos{\'e} Luiz Acebal},
    Booktitle                = {Anais...},
	Year                     = {2017},
	Organization             = {XXXVI Congresso Nacional de Matem\'atica Aplicada e Computacional - CNMAC 2016},
	Pages                    = {1-7},
    Volume={5}, 
    Number={1}, 
	Conference-location      = {Gramado},
	Conference-year          = {2016},
    url = {https://doi.org/10.5540/03.2017.005.01.0480},
}


 @monography{monografia2010,
	author={F\'abio Leandro Rodrigues Cordeiro},
	type={Gradua{\c{c}}{\~a}o em Sistemas de Informa{\c{c}}{\~a}o},
	year-presented           = {2010},
	pages={46},
	pagename={f.},
	school={Pontif\'icia Universidade Cat\'olica de Minas Gerais},
	title={Estudo comparativo entre plataforma monoprocessada e clustercomputing sobre as m\'etricas de desempenho},
	address={Guanh\~aes},
	year={2010}
}


 @monography{martins2012,
	author={Jefferson Henrique de Oliveira Martins},
	type={Gradua{\c{c}}{\~a}o em Sistemas de Informa{\c{c}}{\~a}o},
	year-presented           = {2012},
	pages={48},
	pagename={f.},
	school={Pontif\'icia Universidade Cat\'olica de Minas Gerais},
	title={Apropria{\c{c}}{\~a}o da Inform\'atica: Estudo de Caso com Adolescentes do Programa Socioassistencial Espa{\c{c}}o Dignidade e Cidadania},
	address={Contagem},
	year={2012}
}


@mastersthesis{mestrado2010,
  	   author = {Anna Izabel João Tostes Ribeiro},
  	   type                     = {Mestrado em Informática},
  	   year-presented           = {2010},
  	   pages                    = {103},
  	   pagename                 = {f.},
  	   title = {Representações neural e fuzzy de controle de admissão de chamadas para redes {E-UMTS}},
  	   school = {Pontifícia  Universidade Católica de Minas Gerais, Programa de Pós-graduação
  	  	em Informática, Belo Horizonte},
  	   year = {2010} 
  }

 @phdthesis{tese2012,
	author={Lu\'is Fabr\'icio Wanderley G\'oes},
	title={Automatic Skeleton-Driven performance optimizations for transactional memory},
	type                     = {Doutorado em Informatics},
	year-presented           = {2012},
	pages                    = {108},
	pagename                 = {f.},
	address={Edinburgh},
	school={The University of Edinburgh},
	year={2012}
}